% Encoding: UTF-8
@book{NetworkingPearson,
 author = {Kurose, James f. and Ross, Keith W.},
 title = {Computer Networking : A top-down approach},
 year = {2010},
 publisher = {Pearson Addison-Wesley}
}
@book{pfSenseGuide,
author = {Buechler,Christopher M. and Pingle, Jim},
title = {pfSense: The definitive Guide Version 2.1},
year = {2013},
publisher = {Electric Sheep Fencing LLC}
}
@Electronic{SourceDpi,
author = {Challen,Geoffrey},
title = {What is deep packet inspection?},
date = {2016-09-08},
url = {https://www.youtube.com/watch?v=QHHYpwtwd5I},
urldate = {2018-05-05},
abstract = {A brief explanation on deep packet inspection},
keywords = {Deep packet inspection, filtering,routing},
owner = {internet-class}
}
@Electronic{Views,
author = {ZyTrax, INC.},
title = {DNS BIND view clause},
date = {2018-05-05},
url = {http://www.zytrax.com/books/dns/ch7/view.html},
urldate = {2018-05-05},
keywords = {DHCP,DNS,BIND},
owner = {ZyTrax, INC.}
}
@Electronic{ViewCode,
author = {Esa Jokinen},
title = {Whitelisting/blacklisting using BIND},
date = {2018-05-02},
url = {https://serverfault.com/questions/910207/whitelisting-blacklisting-using-bind},
urldate = {2018-05-02},
keywords = {BIND,whitelisting,blacklisting},
}
@Electronic{COUNCIL,
author = {Association Française pour le Nommage Internet en Coopération},
title = {Consequences of DNS-based internet filtering},
date = {2013-01-01},
url = {https://www.afnic.fr/medias/documents/conseilscientifique/SC-consequences-of-DNS-based-Internet-filtering.pdf},
urldate = {2018-05-02},
owner = {Afnic}
}
@Electronic{SEBfaq,
author = {Safe Exam Browser},
title = {Frequently Asked Question about Safe Exam Browser},
date = {Unknown date},
url = {https://www.safeexambrowser.org/consortium/faq.html},
urldate = {2018-04-28},
owner = {ETH Zurich, Educational Development and Technology (LET)}
}
@MastersThesis{thesis,
author = {Aleksander Heintz},
title = {Cheating at Digital Exams, Vulnerabilities and Countermeasures},
year = {2017},
school = {Norwegian University of Science and Technology}
}

@Electronic{ciscoRich,
author = {Wu, Brian},
title = {Cisco Maintains Switching/Router Market Share Despite Revenue Declines },
date = {2016-03-01},
url = {https://amigobulls.com/articles/cisco-maintains-switching-router-market-share-despite-revenue-declines},
urldate = {2018-04-7},
owner = {amigobulls}
}
@Comment{jabref-meta: databaseType:biblatex;}
