% This file was created with JabRef 2.9.2.
% Encoding: Cp1252

@ARTICLE{Brunel2017,
  author = {Brunel University London},
  title = {Digital Assessment Blog},
  year = {2017},
  timestamp = {2017.12.09}
}

@masterthesis{Heintz2017,
  title = {Cheating at Digital Exams
Vulnerabilities and Countermeasures},
  school = {Norwegian University of Science and Technology},
  year = {2017},
  author = {Aleksander Heintz},
  timestamp = {2017.12.10}
}

